@article{futurama,
   author         = "Some funny people",
   title          = "{Futurama}",
   journal        = "TV",
   volume         = "A492",
   pages          = "199-211",
   year           = "3000"
}
